@Article{naspe,
  title = {Heart rate variability: standards of measurement, physiological interpretation and clinical use.},
  author = {Task Force of the Working Groups on Arrhythmias and Computers in Cardiology of the ESC and the North American Society of Pacing and Electrophysiology (NASPE)},
  journal = {Eur. Heart J.},
  year = 1996,
  volume = 17,
  pages = 354
}


@Article{Jalife,
  title = {Rotors and Spiral Waves in Atrial Fibrillation},
  author = {J. Jalife},
  journal = {Journal of Cardiovascular Electrophysiology},
  year = 2003,
  volume = 14,
  pages = {776-779}
}


@Article{cumming,
  title = {Deviations from Universality in the Transition from Quasi-Periodicity to Chaos},
  author = {A. Cumming and P. S. Linsay},
  journal = {Phys. Rev. Lett},
  year = 1987,
  volume = 59,
  pages = {1633-1636}
}

@Article{alstrom,
  title = {Nonchaotic Tansition from Quasi-periodicity to Complete Phase Locking},
  author = {P. Alstrom and B. Christiansen and M. T. Levinsen},
  journal = {Phys. Rev. Lett},
  year = 1988,
  volume = 61,
  pages = {1679-1682}
}



@Article{jarekwysoc,
  title = {Correlations between the Poincare plot and conventional heart rate variability parameters assessed during paced breathing},
  author = {P. Guzik and J. Piskorski and T. Krauze and R. Schneider and K. H. Wesseling and A. Wykrętowicz and Henryk Wysocki},
  journal = {The Journal of Physiological Sciences},
  year = 2007,
  volume = 57,
  pages = {63-71}
}

@Article{jarek2,
  title = {Filtering Poincare plots},
  author = {J. Piskorski and P. Guzik},
  journal = {Computational Methods in Science and Technology},
  year = 2005,
  volume = 11,
  pages = {39--48}
}


@Article{packard,
  title ={Geometry from A Timie Series},
  author = {N. H. Packard, J. P. Crutchfield, J. D. Farmer and R. S. Shaw},
  journal = {Phys. Rev. Lett.},
  year = {1980},
  volume = {45},
  pages = {712-715}
}

@InBook{hilborn_mcn,
  author = 	 {R. Hilborn},
  title = 	 {Chaos and Nonlinear Dynamics: An introduction for Scientists and Engineers},
  publisher = 	 {Oxford University Press},
  year = 	 {2001},
  address = 	 {New York}
}


@Article{gallagher,
  title ={Beyond reductionism},
  author = {R. Gallagher and T. Appenzeller},
  journal = {Science},
  year = {1999},
  volume = {284},
  pages = {79-109}
}


@InBook{makikallio,
  author = 	 {T. H. Makikallio and J. S. Perkiomaki and H.V. Huikuri},
  title = 	 {Dynamic Electrocardiography},
  chapter = {Nonlinear dynamics of RR intervals},
  publisher = 	 {Blackwell Publishing Inc./ Futura Division},
  year = 	 {2004}
}


@InBook{hann,
  author = 	 {R. B. Blackman and J. W. Tukey},
  title = 	 {The Measurement of Power Spectra, From the Point of View of Communications Engineering.},
  chapter = {Particular Pairs of Windows},
  publisher = 	 {Dover},
  year = 	 {1959},
  address = 	 {New York}
}


@InBook{laider,
  author = 	 {K. J. Laider},
  title = 	 {The World of Physical Chemistry},
  publisher = 	 {Oxford University Press},
  year = 	 {1995},
  pages = {104-105}
}

@InBook{clausius,
  author = 	 {R. Clausius},
  title = 	 {The Mechanical Theory of Heat – with its Applications to the Steam Engine and to Physical Properties of Bodies},
  publisher = 	 {Oxford University Press},
  year = 	 {1865},
  address = 	 {London}
}

@InBook{takens,
  author = 	 {F. Takens},
  title = 	 {Lecture Notes in Mahtematics},
  chapter = 	 {Detecting strange attractors in turbulence},
  publisher = 	 {Springer Verlang},
  year = 	 {1981},
  volume = 	 {898},
  address = 	 {Berlin},
  pages = {366–381}
}


@InBook{kantz,
  author = 	 {H. Kantz and T. Schreiber},
  title = 	 {Nonlinear time series analysis},
  publisher = 	 {Cambridge University Press},
  year = 	 {1997},
  volume = 	 {},
  address = 	 {Cambridge}
}

@InBook{kantz2,
  author = 	 {H. Kantz, J. Kurths, G. Mayer-Kress},
  title = 	 {Nonlinear Analysis of Physiological Data},
  publisher = 	 {Springer},
  year = 	 {1998},
  volume = 	 {},
  address = 	 {Berlin}
}

@Article{appen,
  title = {Approximate entropy as a mesusre of system compexity},
  author = {S. Pincus},
  journal = {Proc. Natl. Acad. Sci. USA},
  year = {1991},
  volume = {88},
  pages = {2297-2301}
}

@Article{varcomp,
  title = {Approximate entropy as a complexity mesusre},
  author = {S. Pincus},
  journal = {Chaos},
  year = {1994},
  volume = {5}
}


@Article{appen2,
  title = {Randomness and degrees of irregularity},
  author = {S. Pincus and B. Singer},
  journal = {Proc. Natl. Acad. Sci. USA},
  year = {1996},
  volume = {93},
  pages = {2083-2088}
}


@Article{gibbs,
         title={A Method of Geometrical Representation of the Thermodynamic Properties of Substances by Means of Surfaces},
         author={W. Gibbs},
         year={1873}
}

@Article{boltzmann,
         title={Lectures on Gas Theory},
         author={L. Boltzmann},
         year={1989}
}

@Article{carnot,
  title = {Reflections on the Motive Power of Fire},
  author = {S. Carnot},
  journal = {Proc. Natl. Acad. Sci. USA},
  year = {1824}
}

@Article{neumann,
  title = {Mathematische Grundlagen der Quantenmechanik},
  author = {J. von Neumann},
  journal = {Springer, Berlin},
  year = {1932}
}

@Article{kolomogorovent,
  title = {New Metric Invariant of Transitive Dynamical Systems and Endomorphisms of Lebesgue Spaces},
  author = {A. N. Kolmogorov},
  year = {1958}

}

@Article{sinaient,
  title = {On the Notion of Entropy of a Dynamical System},
  author = {Y. G. Sinai},
  year = {1959}
}


@Article{shannon,
  title = {A Mathematical Theory of Communication},
  author = {C. E. Shannon},
  year = {1948}
}

@Article{sampen,
  title = {Physiological time-series analysis using approximate entropy and sample entropy},
  author = {J. S. Richman and J. R. Moorman},
  journal = {Am. J. Physiol. Heart Circ. Physiol.},
  year = {2000},
  volume = {278},
  pages = {2039-2049}
}

@InProceedings{zurek,
  author =       {S. \.Zurek and  J. Piskorski and  P. Guzik},
  title =        {Stability of the correlation dimension algorithm suggests the 
existence of an invariant measure in the embedding space of the {RR} time series},
  booktitle = {5th Conference of the European Study Group on Cardiovascular Oscillations},
  year =      {2008},
  address =   {Parma, Italy},
  month =     {7-9 April},
  organization = {Fondazione Don Carlo Gnocchi}
}



@InProceedings{zurek_iemb,
  author =       {P. Castiglioni and S. Żurek and J. Piskorski and M. Kośmider and P. Guzik and E. C\'e and S. Rampichiniand and G. Merati},
  title =        {Assessing Sample Entropy of Physiological Signals by the Norm Component Matrix Algorithm: Application on Muscular Signals during Isometric Contraction},
  booktitle = {35th Annual International IEEE EMBS Conference},
  year =      {2013},
  address =   {Osaka, Japonia},
  month =     {Lipiec}
}



@InProceedings{zurek_cinc,
  author =       {S. Żurek and P. Castiglioni and M. Kośmider and G. Parati and P. Guzik and J. Piskorski},
  title =        {A Characteristic Ridge-Ledge in Entropy Surfaces of Cardiovascular Time Series Estimated by the Norm Component  Matrix Algorithm},
  booktitle = {Computing in Cardiology},
  year =      {2012},
  address =   {Kraków},
  month =     {Wrzesień}
}

@InProceedings{zurek_esgco,
  author =       {S. Żurek and P. Castiglioni and M. Kośmider and G. Parati and P. Guzik and J. Piskorski},
  title =        {A fast parallel algorithm for correlation dimension calculation},
  booktitle = {ESGCO 2012: 7th Conference of the European Study Group on Cardiovascular Oscillations},
  year =      {2012},
  address =   {Kazimierz Dolny},
  month =     {Kwiecień}
}





@Article{wessel,
  title = {Correlation dimension analysis of heart rate variability in patients with dilated cardiomyopathy},
  author = {R. Carvajal and N. Wessel and M. Vallverd and P. Caminal and A. Voss},
  journal = {Comput. Meth. Prog. Bio.},
  year = {2005},
  volume = {78},
  number = {2}
}

@Article{cordim,
  title = {Measuring the strangeness of strange attractors},
  author = {P. Grassberger and I. Procaccia},
  journal = {Physica D},
  year = {1983},
  volume = {9},
  pages = {189-208}
}



@Article{filteredchaos,
  title = {Measuring filtered chaotic signals},
  author = {F. Mitschke and M. M\"oller and W. Lange},
  journal = {Phys. Rev. A},
  year = {1988},
  volume = {37},
  pages = {4518–4521}
}

@Article{thieler,
  title = {Estimating Fractal Dimension},
  author = {J. Theiler},
  journal = {J. Opt. Soc. Am. A},
  year = {1990},
  volume = {7},
  pages = {1055-1073}
}




@InBook{Levenberg,
  author = {J. Nocedal and S. J. Wright},
  title = {Numerical Optimization},
  publisher = 	 {Springer},
  year = 	 {2000},
  address = 	 {New York}
}

@InBook{ganong,
  author = {W. F. Gangong},
  title = {Review of medical physiology},
  publisher = 	 {The McGraw-Hill},
  year = 	 {2005}
}



@Article{zurek2,
  author = {S. Żurek and P. Guzik and S. Pawlak and M. Kośmider and J. Piskorski},
  title = {On the relation between correlation dimension, approximate entropy and sample entropy parameters, and a fast algorithm for their calculation},
  journal = {Physica A},
  year = {2012},
  volume = {391},
  pages = {6601-6610}
}



%Uzupelnic!!!
@Article{appenNeon,
  title = {A regularity statistic for medical data analysis},
  author = {S. M. Pincus, I.M. Gladstone, R.A. Ehrenkranz},
  journal = {J. Clin. Monit.},
  year = {2000},
  volume = {2000},
  pages = {2000}
}

@Article{erent,
  title = {Ergodic theory of chaos and strange attractors},
  author = {J. P. Eckmann and D. Ruelle},
  journal = {Rev. Mod. Phys.},
  year = {1985},
  volume = {57},
  pages = {617-656}
}

@Article{ruelle,
  title = {Deterministic Chaos: The Science and the Fiction},
  author = {D. Ruelle},
  journal = {Proc. Roy. Soc. Lond. A},
  year = {1990},
  volume = {427},
  pages = {241-248}
}


@Article{regquant,
  title = {Physiological time-series analysis: what does regularity quantify?},
  author = {S. M. Pincus and A. L. Goldberger},
  journal = {Am. J. Physiol. Heart Circ. Physiol},
  year = {1994},
  volume = {266},
  pages = {1643-1656}
}

@Article{ChonLu,
  author = {K.H. Chon and C.G. Scully and S. Lu},
  journal = {IEEE Eng. Med. Biol.},
  year = {2009},
  volume = {28},
  number = {18}
}

@Article{Liu,
  author = {C.Y. Liu and C.C. Liu and P. Shao and L.P. Li. X. Sun and X.P. Wang and F. Liu},
  journal = {Physiol. Meas.},
  year = {2011},
  volume = {32},
  number = {167}
}

@Article{FOY,
  author = {J. D. Farmer and E. Ott and J. A. Yorke},
  title = {The dimension of chaotic attractors},
  journal = {Physica D: Nonilnear Phenomena},
  year = 1983,
  volume = 7,
  number = 1
}

@Article{Essex,
  author = {C. Essex and M. Nerenberg},
  title = {Fractal Dmension: Limit Capacity of Hausdorff Dimension?},
  journal = {Am. J. Phys},
  year = 1990,
  number = 58

}

@Article{Tsonis,
  author = {A. A. Tsonis  and J. B. Elsner  and K. P. Georgakakos },
  title = {Estimating the Dimension of Weather and Climate Attractors: Important Issues about the Procedure and Interpretation},
  journal = {Journal of Atmospheric Sciences},
  year = 1993,
  volume= 50,
  number = 15,
  pages = {2549-2555}
}


@Article{Iasemidis,
  author = {L. D. Iasemidis and J. C. Sackellares},
  title = {Chaos Theory and Epilepsy},
  journal = {The Neurosientist},
  year = 1996,
  volume= 2,
  pages = {118-126}
}


@Book{mandelbrot,
  author = 	 {B. Mandelbrot},
  title = 	 {The Fractal Geometry of Nature},
  publisher = 	 {W. H. Freeman},
  year = 	 {1982},
}

@Book{mapping,
  author = 	 {M. Shenasa and G. Hindricks and M. Borggrefe and G. Breithardt and M. E. Josephson and D. P. Zipe},
  title = 	 {Cardiac Mapping},
  publisher = 	 {Wiley-Blackwell},
  year = 	 {2012},
}


@Book{woyczynski,
  author = 	 {M. Denker and W. A. Woyczyński},
  title = 	 {Introductory Statistics and Random Phenomena},
  publisher = 	 {Birkh\"auser Boston},
  year = 	 {1998},
}


@Book{kanon1,
  author = 	 {W. F. Gangong},
  title = 	 {Review of medical physiology},
  publisher = 	 {The McGraw-Hill},
  year = 	 {2005},
}

@Book{jaroszyk,
  author = 	 {F. Jaroszyk},
  title = 	 {Biofizyka},
  publisher = 	 {Wydawnictwo Lekarskie PZWL},
  year = 	 {2008},
}


@Article{grebogi1,
  author = {M. Ding and C. Grebogi and E. Ott and T. Sauer and J.A. Jorke},
  title = {Plateau onset for correlation dimension: When does it occur?},
  journal = {Phys. Rev. Lett.},
  year = 1993,
  volume= 70,
  pages = {3872}
}

@Article{grebogi2,
  author = {M. Ding and C. Grebogi and E. Ott and T. Sauer and J.A. Jorke},
  title = {Estimating correlation dimension from a chaotic time series: When does plateau onset occur?},
  journal = {Physica D},
  year = 1993,
  volume= 69,
  pages = {404-424}
}

@Article{zebrowski,
  author = {R. Carvajal and J. J. Zebrowski and M. Vallverd\'u and R. Baranowski and L. Chojnowska and W. Poplawskam and P. Caminal},
  title = {Dimensional analysis of HRV in hypertrophic cardiomyopathy patients},
  journal = {IEEE Eng. Med. Biol.},
  year = 2002,
  volume= 21,
  pages = {71}
}


@Book{malmivuo,
  author = 	 {J. Malmivuo and R. Plonsey},
  title = 	 {Bioelectromagnetism: Principles and Applications of Bioelectric and Biomagnetic Fields},
  publisher = 	 {Oxford University Press},
  year = 	 {1995}
}


@Book{maindonald,
  author = 	 {J. H. Maindonald and W. J. Braun},
  title = 	 {Data Analysis and Graphics Using R - An Example-Based Approach},
  publisher = 	 {Cambridge University Press},
  year = 	 {2010}
}



@Article{vanicek,
  author = {P. Vanicek},
  title = {Approximate Spectral Analysis by Least-squares Fit},
  journal = {Astrophys Space Sci.},
  year = 1969,
  volume= 4,
  pages = {387–391}
}


@Article{hrv_origins,
  author = {G. Berntson and J. Bigger and D. Eckberg and P. Grossman and P. Kaufmann and M. Malik and H. Nagaraja and S. Porges and J. Saul and P. Stone and Van Der Molen},
  title = {Heart rate variability: Origins, methods, and interpretive caveats},
  journal = {Psychophysiol},
  year = 1997,
  volume= 34,
  pages = {623-648}
}


@Book{shumway,
  author = {R. H. Shumway and D. S. Stoffer},
  title = {Time Series Analysis and Its Applications With R Examples},
  publisher  = {Springer},
  year = 2006
}


@Book{ekgbook,
  author = 	 {M. S. Thaler},
  title = 	 {The Only EKG Book You'll Ever Need},
  publisher = 	 {Lippicont Williams and Wilkins},
  year = 	 2010
}



@Book{guasym,
  author = 	 {P. Guzik},
  title = 	 {Asymetria rytmu serca, krótko- i długotrwałe składowe zmienności rytmu serca u zdrowych osób},
  publisher = 	 {Wydawnictwo Naukowe Uniwersytetu Medycznego im. Karola Marcinkoweskiego w Poznaniu},
  year = 	 {2009}
}

@InBook{Hainsworth,
  author = 	 {Hainsworth R.},
  title = 	 {Dynamic Electrocardiography},
  chapter = 	 {Physiological background of heart rate variability},
  publisher = 	 {Blackwell Publishing Inc./ Futura Division},
  year = 	 {2004}
}

@Book{Klaubude,
  author = 	 {R. E. Klaubude},
  title = 	 {Cardioviscular Physiology Concepts},
  publisher = 	 {Lippincott Williams and Wilkins},
  year = 	 {2005}
}



@Article{poinc_jaro,
  author = {J. Piskorski and P. Guzik},
  title = {Geometry of the Poincare plot of RR intervals and its assymetry in healthy adults},
  journal = {Physiol Meas},
  year = 2006,
  volume= 28,
  pages = {287-300}
}

@Article{jaroasym,
  author = {J. Piskorski and P. Guzik},
  title = {Asymmetric properties of long term and total Poincare plot descriptiors},
  journal = {W przygotowaniu}
}



@Article{boxcar,
  author = {P. Guzik and A. Wykrętowicz and T. Krauze and J. Piskorski and K. Adamska and A. Milewska and K.H. Weseling and H. Wysocki},
  title = {Add-on therapy with a nighttime dose of doxazosin in patients with uncontrolled hypertension: effects on autonomic modulation of the cardiovascular system.},
  journal = {Hypertension research : official journal of the Japanese Society of Hypertension},
  year = 2008,
  volume= 31,
  pages = {443-53}
}



@Article{poinc_brenn,
  author = {M Brennan, M. Palaniswami and P. Kamen},
  title = {Poincare plot interpretation using a physiological model of HRV based on a network of oscilators},
  journal = {Am J Physiol Heart Cirs Physiol},
  year = 2002,
  volume= 283,
  pages = {H1873-H1886}
}

@Article{kaymarple,
author = {S. Kay, S. Marple },
title = {Spectrum analysis: A modern perspective},
  journal = {Proc IEEE},
  year = 1981,
  volume= 69,
  pages = {1380–1419}
}

@Article{lombCasti,
  author = 	 {P. Castiglioni and M. Di Rienzo},
  title = 	 {On the evaluation of heart rate spectra: the Lomb Periodogram.},
  journal = 	 {Comput Cardiol.},
  year = 	 {1996},
  pages = {505-508}
}

@Article{scargle,
  author = 	 {J. D. Scargle},
  title = 	 {Studies in astronomical time series analysis. II. Statistical aspects of spectral analysis of unevenly spaced data.},
  journal = 	 {Astrophys J},
  year = 	 {1982},
  volume = 263,
  pages = {835-853}
}


@Article{lomb_o,
  author = 	 {N. R. Lomb},
  title = 	 {Least-squares frequency analysis of unequally spaced data},
  journal = 	 {Astrophys Space Sci},
  year = 	 {1976},
  volume = 39,
  pages = {447-462}
}


@Article{lomb,
  author = 	 {J. Piskorski and P. Guzik and  T. Krauze an S. Żurek},
  title = 	 {Cardiopulmonary resonance at 0.1 Hz demonstrated by averaged Lomb-Scargle periodogram},
  journal = 	 {Central European Journal of Physics},
  year = 	 {2010},
  volume = 3,
  pages = {386-392}
}

@InBook{c++,
  author = 	 {W. H. Press and S. A. Teukolsky and W. T. Vetterling and B. P. Flannery},
  title = 	 {Numerical Recipes in C++.},
  publisher = 	 {Cambridge Unviersity Press},
  year = 	 {2002}
}


@Article{thong,
  author = 	 {T. Thong , J. McNames, M. Aboy and B. Oken},
  title = 	 {Averaged Lomb periodograms for nonuniform sampling},
  publisher = 	 {Proceedings of the 17th Biennial International EURASIP Conference Biosignal},
  year = 	 {2004}
}



@Article{laguna,
  author = 	 {P. Laguna, G. P. Moody and R. G. Mark},
  title = {},
  journal = 	 {IEEE T. BioMed. Eng.},
  year = {1998},
  volume = {45}
}

@Book{dsp_engel,
  author = 	 {S. Engelberg},
  title = 	 {Digital Signal Processing: An Experimental Approach},
  publisher = 	 {Springer},
  year = 	 2010
}

@Book{dsp,
  author = 	 {Steven Smith},
  title = 	 {The Scientists and Engineer's Guide to DSP},
  publisher = 	 {California Technical Publishing},
  year = 	 1999
}


@Book{bembook,
  author = 	 {J. Malmivuo and R. Plonsey},
  title = 	 {Principles and Applications of Bioelectric and Biomagnetic Fields},
  publisher = 	 {Oxford University Press},
  year = 	 1995
}


@Book{kanon2,
  author = 	 {P. Libby and R. O. Bonow and D. L. Mann and D. P. Zipes},
  title = 	 {Braunwald's Heart Disease: A Textbook of Cardiovascular Medicine},
  publisher = 	 {Saunders},
  year = 	2007 
}

@Article{baroEckberg,
  author = 	 {D. L. Eckberg and Y. T. Kifle and V. L. Roberts},
  title = 	 {Phase relationship between normal human respiration and baroreflex responsiveness.},
  journal = 	 {J Physiol.},
  year = 1980,
  volume	 = 54,
  pages = {489-502}
}



@Article{neuro1,
  author = 	 {J. C. Bailey and M. A. Watanabe and H. R. Besh and D. A. Lathrop},
  title = 	 {Acetyloholine antagonism of the electrophysiologic effects of isoproterenol on canine cardiac Purkinie fibres.},
  journal = 	 {Circ Res.},
  year = 	 {1979},
  volume = 	 {44},
  pages = 	 {378-383}
}

@Article{neuro2,
  author = 	 {D. L. Eckberg},
  title = 	 {Sympathovagal balance. A critical appraisal.},
  journal = 	 {Circulation},
  year = 	 {1997},
  volume = 	 {96},
  pages = 	 {3224-3232}
}


@Article{baroEckberg2,
  author = 	 {D. L. Eckberg},
  title = 	 {Parasympathetic cardiovascular control in human disease: A critical review of methods and results},
  journal = 	 {Am J Physiol Heart Circ Physiol},
  year = 1980,
  volume	 = 239,
  pages = {H581-H593}
}



@Article{raphael,
  author = 	 {R. Schneider and P. Barthel and A. Bauer and G. Schmidt},
  title = 	 {libRASCH - A Programming Framework for Signal Handling},
  journal = 	 {Comput Cardiol.},
  year = 	 2004,
  volume = 31,
  pages = {53-56}
}


@Article{prsa_k,
  author = 	 {A. Bauer and J.W. Kantelhardt and A. Bunde and P. Barthel and R. Schneidera and M. Malik and G. Schmidt},
  title = 	 {Phase-rectified signal averaging detects quasi-periodicities in non-stationary data},
  journal = 	 {Physica A},
  year = 	 2006,
  volume = 364,
  pages = {423–434}
}




@Article{hrt2,
  author = 	 {A. Bauer and M. Malik and G. Schmidt and P. Barthel and H. Bonnemeier and I. Cygankiewicz and P. Guzik and F. Lombardi and A. Mueller and A. Oto and R. Schneider and M. Watanabe and D. Wichterle and W. Zareba},
  title = 	 {Heart Rate Turbulence: Standards of Measurement,Physiological Interpretation, and Clinical Use},
  journal = 	 {Journal of the American College of Cardiology},
  year = 	 2008,
  volume = 52,
  pages = {1353-1365}
}

@Article{hrt,
  author = 	 {G. Schmdit and R. Schneider and P. Barthel},
  title = 	 {Heart Rate Turbulence},
  journal = 	 {Cardiac Electrophysiology Review},
  year = 	 1999,
  volume = 3,
  pages = {297-301}
}


@Article{prsa,
  author = 	 {L. M. Campana and R. L. Owens and G. D. Clifford and S. D. Pittman and and A. Malhotra},
  title = 	 {Phase-rectified signal averaging as a sensitive index of autonomic changes with aging},
  journal = 	 {J Appl Physiol},
  year = 	 2010,
  volume = 108,
  pages = {1668-1673}
}


@Article{tulpo,
  author = 	 {M. Tulpo i T. H. Makikallio i T.E. Takala i T. Seppanen i H. Huikuri},
  title = 	 {Quantitative beat-to-beat analysis of heart rate dynamics during exercise},
  journal = 	 {Am J Physiol},
  year = 	 1996,
  volume = 71,
  pages = {H244-252}
}

@Article{seely,
  author = 	 {J. E. Seely and P. T. Macklem},
  title = 	 {Complex systems and the technology of variability analysis},
  journal = 	 {Critical Care},
  year = 	 2004,
  volume = 8,
  pages = {R367-R384}
}



@Misc{hrstruct,
  author = 	 {J. Piskorski and P. Guzik},
  title = 	 {Website on the heart rhythm structure and heart rhythm asymmetry},
  howpublished = {http://hrstruct.org}
}

@Misc{python,
  title = 	 {Python Programming Language},
  howpublished = {http://www.python.org}
}


@Misc{rlang,
  title = 	 {{The {R} Project for Statistical Computing}},
  howpublished = {http://www.r-project.org/}
}

@Misc{numpy,
  title = 	 {Numpy - Scientific Computing Tools For Python},
  howpublished = {http://www.numpy.org}
}


@Misc{scipy,
  title = 	 {Open Source Library of Scientific Tools},
  howpublished = {http://www.scipy.org}
}


@article{cancio2008heart,
  title={Heart-rate complexity for prediction of prehospital lifesaving interventions in trauma patients},
  author={L. C. Cancio. and A. I. Batchinsky and J. Salinas and T. Kuusela and V. A. Convertino and C. E. Wade and J. B. Holcomb},
  journal={The Journal of trauma},
  volume={65},
  number={4},
  pages={813},
  year={2008}
}

@article{batchinsky2007prehospital,
  title={Prehospital loss of R-to-R interval complexity is associated with mortality in trauma patients},
  author={A. I. Batchinsky and L. C. Cancio and J. Salinas and T. Kuusela and W. H. Cooke and J. J. Wang and M. Boehme and V. A. Convertino and J. B. Holcomb},
  journal={The Journal of Trauma and Acute Care Surgery},
  volume={63},
  number={3},
  pages={512--518},
  year={2007},
  publisher={LWW}
}

@article{batchinsky2009rapid,
  title={Rapid prediction of trauma patient survival by analysis of heart rate complexity: impact of reducing data set size},
  author={A.I. Batchinsky and J. Salinas and T. Kuusela and C. Necsoiu and J. Jones and L. C. Cancio},
  journal={Shock},
  volume={32},
  number={6},
  pages={565},
  year={2009}
}

@article{splines,
  title={Improved heart rate variability signal analysis from the beat occurrence times according to the IPFM model},
  author={J. Mateo and P. Laguna},
  journal={IEEE Trans Biomed Eng},
  volume={47},
  number={8},
  pages={985-996},
  year={2000}
}

@article{mse1,
  title={Multiscale Entropy Analysis of Complex Physiologic Time Series},
  author={M. Costa i A. Goldberger i C. Peng},
  journal={Physical Review Letters},
  volume={89},
  number={6},
  year={2002}
}

@article{mse2,
  title={Multiscale entropy analysis of biological signals},
  author={M. Costa and A. Goldberger and C. Peng},
  journal={PhysRev E},
  volume={71},
  number={021906},
  year={2005}
}

@article{mse3,
  title={Multiscale entropy analysis of human gait dynamics},
  author={M. Costa and C. Peng i A. Goldberger i J. Hausdor},
  journal={Physica A},
  volume={330},
  pages={53-60},
  year={2003}

}


@article{howfft,
  title={How the FFT gained acceptance},
  author={J. W. Cooley},
  journal={IEEE SP Managizne},
  volume={1},
  pages={10-13},
  year={1996}

}

@article{cooleyfft,
  title={An Algorithm for the Machine Calculation of Complex Fourier Series},
  author={J. W. Cooley and J. W. Turkey},
  journal={Math. Comp.},
  volume={19},
  number={90},
  pages={297-301},
  year={1965}
}



@article{attrdim,
  title={Calculating the dimension of attractors from small data sets},
  author={N.B. Abraham and A.M. Albano and B. Das and G. De Guzman and S. Yong and R.S. Gioggia and G.P. Puccioni and J.R. Tredicce},
  journal={Physics Letters A},
  volume={114},
  number={5},
  pages={217-221},
  year={1986}
}


@article{brudno1,
  author={A. A. Brudno},
  title={Entropy and the complexity of the trajectories of a dynamical system},
  journal={Trans. Moscow Math. Soc.},
  volume={2},
  pages={127-151},
  year={1983}
}


@article{brudno2,
  author={A. A. Brudno},
  title={THE COMPLEXITY OF THE TRAJECTORIES OF A DYNAMICAL SYSTEM},
  journal={Russian Mathematical Surveys},
  volume={33},
  number={1},
  pages={197},
  year={1978}
}

@article{white,
  author={H.S. White},
  title={Algorithmic complexity of points in dynamical systems},
  journal={Ergodic Theory, Dynamical Systems},
  volume={13},
  pages={807-830},
  year={1993}
}


@Book{calude,
  author={C. Calude},
  title={Theories of Computational Complexity},
  publisher = 	 {North Holland, Amsterdam},
  year = 	 {1988},
}

@Book{li,
  author={M. Li and P. Vit\'any},
  title={An introduction to Kolomogorov complexity and its applications},
  publisher = 	 {Springer-Verlang, New York},
  year = 	 {1992},
}

@Book{chaitin,
  author={G. J. Chaitin},
  title={Algorithmic Information Theory},
  publisher = 	 {Cambridge University Press},
  year = 	 {1987},
}

@Book{vonmises,
  author={R. von Mises},
  title={Probability, Statistics and Truth},
  publisher = 	 {New York},
  year = 	 {1939},
}


@Book{principiamath,
  author={B. Russell and A. N. Whitehead},
  title={Principia Mathematica},
  publisher = 	 {Cambridge: University Press},
  year = 	 {1917},
}


@Book{minsky,
  author={M. Minsky},
  title={Computation: Finite and Infinite Machines},
  publisher = 	 {Prentice-Hall, Inc. Englewood Cliffs},
  year = 	 {1967},
}

@article{kolomogorov,
  author={A. N. Kolomogorov and V.A. Uspensky},
  title={Algorithms and randomness},
  journal={SIAM Journal in Probability Theory and Applications},
  volume={32},
  pages={389-412},
  year={1987}
}

@article{martinlof,
  author={P. Martin-L\"of},
  title={The definition of random sequences},
  journal={Information and Control},
  volume={9},
  pages={602-619},
  year={1996}
}


@article{church,
  author={A. Church},
  title={On the concept of random sequence},
  journal={Bul. Amer. Match. Soc.},
  volume={46},
  pages={130-135},
  year={1940}
}

@article{leon,
  author={J.S. Janicki and W. Leoński and J. Jagielski},
  title={Partial potentials of selected cardiac muscle regions and heart activity model based on single fibres},
  journal={Medical Engineering and Physics},
  volume={31},
  number={10},
  pages={1276-1282},
  year={2009}
}

@article{trayanowa,
  author={N.A. Trayanova},
  title={ Whole-Heart Modeling : Applications to Cardiac Electrophysiology and Electromechanics},
  journal={Circulation Research},
  volume={108},
  pages={113-128},
  year={2011}
}

